<record><leader>00000cas a22000007a 4500</leader><controlfield tag="001">19470867</controlfield><controlfield tag="008">890329d19uu1983pauwr ne      0    0eng d</controlfield><datafield ind1=" " ind2=" " tag="010"><subfield code="a">sn 89077187 </subfield></datafield><datafield ind1=" " ind2=" " tag="040"><subfield code="a">NPH</subfield><subfield code="b">eng</subfield><subfield code="c">NPH</subfield><subfield code="d">OCLCQ</subfield></datafield><datafield ind1=" " ind2=" " tag="042"><subfield code="a">msc</subfield></datafield><datafield ind1="0" ind2=" " tag="130"><subfield code="a">County leader (Broomall, Pa. : Media ed.)</subfield></datafield><datafield ind1="1" ind2="4" tag="245"><subfield code="a">The County leader.</subfield></datafield><datafield ind1=" " ind2=" " tag="250"><subfield code="a">Media ed.</subfield></datafield><datafield ind1=" " ind2=" " tag="260"><subfield code="a">Broomall, Pa. :</subfield><subfield code="b">Gerald S. Fuller</subfield></datafield><datafield ind1=" " ind2=" " tag="300"><subfield code="a">v. :</subfield><subfield code="b">ill. ;</subfield><subfield code="c">53 cm.</subfield></datafield><datafield ind1=" " ind2=" " tag="310"><subfield code="a">Weekly</subfield></datafield><datafield ind1="1" ind2=" " tag="362"><subfield code="a">Ceased in 1983?</subfield></datafield><datafield ind1=" " ind2=" " tag="500"><subfield code="a">Published in Broomall and Newtown Square, Pa., &lt;1963&gt;.</subfield></datafield><datafield ind1=" " ind2=" " tag="500"><subfield code="a">"Serving Media, Edgmont, Upper Providence and Middletown Townships."</subfield></datafield><datafield ind1=" " ind2=" " tag="588"><subfield code="a">Description based on: Vol. 36, no. 2 (Jan. 10, 1963).</subfield></datafield><datafield ind1=" " ind2=" " tag="752"><subfield code="a">United States</subfield><subfield code="b">Pennsylvania</subfield><subfield code="c">Delaware</subfield><subfield code="d">Media.</subfield></datafield><datafield ind1=" " ind2=" " tag="752"><subfield code="a">United States</subfield><subfield code="b">Pennsylvania</subfield><subfield code="c">Delaware</subfield><subfield code="d">Broomall.</subfield></datafield><datafield ind1=" " ind2=" " tag="752"><subfield code="a">United States</subfield><subfield code="b">Pennsylvania</subfield><subfield code="c">Delaware</subfield><subfield code="d">Newtown Square.</subfield></datafield><datafield ind1="0" ind2=" " tag="775"><subfield code="t">County leader</subfield><subfield code="w">(DLC)sn 85055015</subfield></datafield></record>